%Literaturverzeichnis am besten mit JabRef (http://jabref.sf.net) bearbeiten

@article{dean2008mapreduce,
  title={MapReduce: simplified data processing on large clusters},
  author={Dean, Jeffrey and Ghemawat, Sanjay},
  journal={Communications of the ACM},
  volume={51},
  number={1},
  pages={107--113},
  year={2008},
  publisher={ACM}
}

@article{valiant1990bridging,
  title={A bridging model for parallel computation},
  author={Valiant, Leslie G},
  journal={Communications of the ACM},
  volume={33},
  number={8},
  pages={103--111},
  year={1990},
  publisher={ACM}
}

@inproceedings{malewicz2010pregel,
  title={Pregel: a system for large-scale graph processing},
  author={Malewicz, Grzegorz and Austern, Matthew H and Bik, Aart JC and Dehnert, James C and Horn, Ilan and Leiser, Naty and Czajkowski, Grzegorz},
  booktitle={Proceedings of the 2010 ACM SIGMOD International Conference on Management of data},
  pages={135--146},
  year={2010},
  organization={ACM}
}

@article{lumsdaine2007challenges,
  title={Challenges in parallel graph processing},
  author={Lumsdaine, Andrew and Gregor, Douglas and Hendrickson, Bruce and Berry, Jonathan},
  journal={Parallel Processing Letters},
  volume={17},
  number={01},
  pages={5--20},
  year={2007},
  publisher={World Scientific}
}


@inproceedings{Low+al:uai10graphlab,
title = {GraphLab: A New Parallel Framework for Machine Learning},
author = {Yucheng Low and
          Joseph Gonzalez and
          Aapo Kyrola and
          Danny Bickson and
          Carlos Guestrin and
          Joseph M. Hellerstein},
booktitle = {Conference on Uncertainty in Artificial Intelligence (UAI)},
month = {July},
year = {2010}
}

@inproceedings{gonzalez2012powergraph,
  title={PowerGraph: Distributed Graph-Parallel Computation on Natural Graphs.},
  author={Gonzalez, Joseph E and Low, Yucheng and Gu, Haijie and Bickson, Danny and Guestrin, Carlos},
  booktitle={OSDI},
  volume={12},
  number={1},
  pages={2},
  year={2012}
}

@inproceedings{chen2015powerlyra,
  title={Powerlyra: Differentiated graph computation and partitioning on skewed graphs},
  author={Chen, Rong and Shi, Jiaxin and Chen, Yanzhe and Chen, Haibo},
  booktitle={Proceedings of the Tenth European Conference on Computer Systems},
  pages={1},
  year={2015},
  organization={ACM}
}

@article{gallagher2006matching,
  title={Matching structure and semantics: A survey on graph-based pattern matching},
  author={Gallagher, Brian},
  year={2006}
}

@article{ma2011capturing,
  title={Capturing topology in graph pattern matching},
  author={Ma, Shuai and Cao, Yang and Fan, Wenfei and Huai, Jinpeng and Wo, Tianyu},
  journal={Proceedings of the VLDB Endowment},
  volume={5},
  number={4},
  pages={310--321},
  year={2011},
  publisher={VLDB Endowment}
}

@article{ullmann1976algorithm,
  title={An algorithm for subgraph isomorphism},
  author={Ullmann, Julian R},
  journal={Journal of the ACM (JACM)},
  volume={23},
  number={1},
  pages={31--42},
  year={1976},
  publisher={ACM}
}

@inproceedings{giugno2002graphgrep,
  title={Graphgrep: A fast and universal method for querying graphs},
  author={Giugno, Rosalba and Shasha, Dennis},
  booktitle={Pattern Recognition, 2002. Proceedings. 16th International Conference on},
  volume={2},
  pages={112--115},
  year={2002},
  organization={IEEE}
}

@article{washio2003state,
  title={State of the art of graph-based data mining},
  author={Washio, Takashi and Motoda, Hiroshi},
  journal={Acm Sigkdd Explorations Newsletter},
  volume={5},
  number={1},
  pages={59--68},
  year={2003},
  publisher={ACM}
}

@inproceedings{getoor2011learning,
  title={Learning statistical models from relational data},
  author={Getoor, Lise and Mihalkova, Lilyana},
  booktitle={Proceedings of the 2011 ACM SIGMOD International Conference on Management of data},
  pages={1195--1198},
  year={2011},
  organization={ACM}
}

@inproceedings{fard2013distributed,
  title={A distributed vertex-centric approach for pattern matching in massive graphs},
  author={Fard, Arash and Nisar, M Usman and Ramaswamy, Lakshmish and Miller, John and Saltz, Matthew and others},
  booktitle={Big Data, 2013 IEEE International Conference on},
  pages={403--411},
  year={2013},
  organization={IEEE}
}

@article{sudhira2005framework,
  title={Framework for integration of agent-based and cellular automata models for dynamic geospatial simulations},
  author={Sudhira, HS and Ramachandra, TV and Wytzisk, Andreas and Jeganathan, C},
  journal={Centre for Ecological Sciences, Indian Institute of Science) Bangalore},
  year={2005}
}

@inproceedings{suzumura2014towards,
  title={Towards billion-scale social simulations},
  author={Suzumura, Toyotaro and Houngkaew, Charuwat and Kanezashi, Hiroki},
  booktitle={Proceedings of the 2014 Winter Simulation Conference},
  pages={781--792},
  year={2014},
  organization={IEEE Press}
}

@inproceedings{suzumura2012highly,
  title={Highly scalable x10-based agent simulation platform and its application to large-scale traffic simulation},
  author={Suzumura, Toyotaro and Kanezashi, Hiroki},
  booktitle={Proceedings of the 2012 IEEE/ACM 16th International Symposium on Distributed Simulation and Real Time Applications},
  pages={243--250},
  year={2012},
  organization={IEEE Computer Society}
}

@article{gregor2005parallel,
  title={The Parallel BGL: A generic library for distributed graph computations},
  author={Gregor, Douglas and Lumsdaine, Andrew},
  journal={Parallel Object-Oriented Scientific Computing (POOSC)},
  volume={2},
  pages={1--18},
  year={2005},
  publisher={Citeseer}
}

@inproceedings{kyrola2012graphchi,
  title={GraphChi: Large-Scale Graph Computation on Just a PC.},
  author={Kyrola, Aapo and Blelloch, Guy E and Guestrin, Carlos},
  booktitle={OSDI},
  volume={12},
  pages={31--46},
  year={2012}
}

@inproceedings{xin2013graphx,
  title={Graphx: A resilient distributed graph system on spark},
  author={Xin, Reynold S and Gonzalez, Joseph E and Franklin, Michael J and Stoica, Ion},
  booktitle={First International Workshop on Graph Data Management Experiences and Systems},
  pages={2},
  year={2013},
  organization={ACM}
}

@inproceedings{khayyat2013mizan,
  title={Mizan: a system for dynamic load balancing in large-scale graph processing},
  author={Khayyat, Zuhair and Awara, Karim and Alonazi, Amani and Jamjoom, Hani and Williams, Dan and Kalnis, Panos},
  booktitle={Proceedings of the 8th ACM European Conference on Computer Systems},
  pages={169--182},
  year={2013},
  organization={ACM}
}

@inproceedings{salihoglu2013gps,
  title={Gps: A graph processing system},
  author={Salihoglu, Semih and Widom, Jennifer},
  booktitle={Proceedings of the 25th International Conference on Scientific and Statistical Database Management},
  pages={22},
  year={2013},
  organization={ACM}
}

